@inproceedings{Sridharan2013,
  author = {Sridharan, Srinath and Gupta, Gagan and Sohi, Gurindar S.},
  title = {Holistic Run-time Parallelism Management for Time and Energy Efficiency},
  booktitle = {ICS},
  year = {2013},
 } 

@inproceedings{Chasapis2016,
 author = {Chasapis, Dimitrios and Casas, Marc and Moret\'{o}, Miquel and Schulz, Martin and Ayguad{\'e}, Eduard and Labarta, Jesus and Valero, Mateo},
 title = {Runtime-Guided Mitigation of Manufacturing Variability in Power-Constrained Multi-Socket NUMA Nodes},
 booktitle = {ICS},
 year = {2016},
} 

@inproceedings{Acun2016,
 author = {Acun, Bilge and Miller, Phil and Kale, Laxmikant V.},
 title = {Variation Among Processors Under Turbo Boost in HPC Systems},
 booktitle = {ICS},
 year = {2016},
} 

@inproceedings{quasar,
 author = {Delimitrou, Christina and Kozyrakis, Christos},
 title = {Quasar: Resource-efficient and QoS-aware Cluster Management},
 booktitle = {ASPLOS},
 year = {2014},
 _isbn = {978-1-4503-2305-5},
 _location = {Salt Lake City, Utah, USA},
 _pages = {127--144},
 _numpages = {18},
 _url = {http://doi.acm.org/10.1145/2541940.2541941},
 _doi = {10.1145/2541940.2541941},
 _acmid = {2541941},
 _publisher = {ACM},
 _address = {New York, NY, USA},
 _keywords = {cloud computing, cluster management, datacenters, quality of service, resource allocation and assignment, resource efficiency},
} 

@INPROCEEDINGS{Sarood2013,
  author={Sarood, O. and Langer, A. and Kale, L. and Rountree, B. and de Supinski, B.},
  booktitle={CLUSTER},
  title={Optimizing power allocation to CPU and memory subsystems in overprovisioned HPC systems},
  year={2013},
}

@misc{exaosr-power,
  author = {ExaOSR Team},
  title = {Key Challenges for Exascale {OS/R}},
  howpublished = {Online document, \url{https://collab.mcs.anl.gov/display/exaosr/Challenges}},
}

@misc{DOEML,
  author = {Michael Berry and Thomas E. Potok and Prasanna Balaprakash and Henry Hoffmann and Raju Vatsavai and Prabhat and Robinson Pino},
  title = {Machine Learning and Understanding for Intelligent Extreme Scale Scientific Computing and Discovery },
  howpublished = {Online document, \url{https://science.energy.gov/~/media/ascr/pdf/program-documents/docs/Machine_Learning_DOE_Workshop_Report.pdf}},
}

@inproceedings{meantime,
  author = {Anne Farrell and Henry Hoffmann},
  title = {{MEANTIME}: Achieving Both Minimal Energy and Timeliness with Approximate Computing},
  booktitle = {USENIX ATC},
  year = 2016,
}

@inproceedings{packandcap,
 author = {Cochran, Ryan and Hankendi, Can and Coskun, Ayse K. and Reda, Sherief},
 title = {Pack \& Cap: adaptive DVFS and thread packing under power caps},
 booktitle = {MICRO},
 year = {2011},
} 

@inproceedings{YDS,
  author    = {F. Frances Yao and
               Alan J. Demers and
               Scott Shenker},
  title     = {A Scheduling Model for Reduced CPU Energy},
  booktitle = {FOCS},
  year      = {1995},
}

@inproceedings{Rangan2009,
 author = {Rangan, Krishna K. and Wei, Gu-Yeon and Brooks, David},
 title = {Thread motion: fine-grained power management for multi-core systems},
 booktitle = {ISCA},
 year = {2009}
} 

@inproceedings{CoScale,
  title={Coscale: Coordinating cpu and memory system dvfs in server systems},
  author={Deng, Qingyuan and Meisner, David and Bhattacharjee, Abhishek and Wenisch, Thomas F and Bianchini, Ricardo},
  booktitle={MICRO},
  _pages={143--154},
  year={2012},
  _organization={IEEE}
}

@article{MemScale,
 author = {Deng, Qingyuan and Meisner, David and Ramos, Luiz and Wenisch, Thomas F. and Bianchini, Ricardo},
 title = {{MemScale}: Active Low-power Modes for Main Memory},
 journal = {SIGPLAN Not.},
 issue_date = {April 2012},
 volume = {47},
 number = {4},
 month = mar,
 year = {2011},
 issn = {0362-1340},
 pages = {225--238},
 numpages = {14},
 url = {http://doi.acm.org/10.1145/2248487.1950392},
 doi = {10.1145/2248487.1950392},
 acmid = {1950392},
 publisher = {ACM},
 address = {New York, NY, USA},
 keywords = {dynamic voltage and frequency scaling, energy conservation, memory subsystem},
} 

@inproceedings{Diniz2007,
 author = {Diniz, Bruno and Guedes, Dorgival and Meira,Jr., Wagner and Bianchini, Ricardo},
 title = {Limiting the power consumption of main memory},
 booktitle = {ISCA},
 year = {2007},
} 

@inproceedings{packandcap-old,
 author = {Cochran, Ryan and Hankendi, Can and Coskun, Ayse K. and Reda, Sherief},
 title = {Pack \& Cap: adaptive DVFS and thread packing under power caps},
 booktitle = {MICRO},
 year = {2011},
} 

@inproceedings{Wu2004,
 author = {Wu, Qiang and Juang, Philo and Martonosi, Margaret and Clark, Douglas W.},
 title = {Formal online methods for voltage/frequency control in multiple clock domain microprocessors},
 booktitle = {ASPLOS},
 year = {2004},
} 

@article{SpeedShift,
  title={{An overview of the 6th generation Intel Core processor (code-named Skylake)}},
  author={Meghana R.},
  journal={Intel Developer Zone},
  month=mar,
  year={2016},
  day=23,
  url={https://software.intel.com/en-us/articles/an-overview-of-the-6th-generation-intel-core-processor-code-named-skylake},
}

@inproceedings{josep-isca2016,
  title={Using Multiple Input, Multiple Output Formal Control to Maximize Resource Efficiency in Architectures},
  author={Raghavendra Pothukuchi and Amin Ansari and Petros Voulgaris and Josep Torrellas},
  booktitle = {ISCA},
  year={2016}
}

@inproceedings{SWiFT,
 author = {Ashvin Goel and David Steere and Calton Pu and Jonathan Walpole},
 title = {{SWiFT}: A Feedback Control and Dynamic Reconfiguration Toolkit},
 year = {1998},
 removed_publisher = {},
 booktitle = {2nd USENIX Windows NT Symposium},
}

@inproceedings{Felter2005,
 author = {Felter, Wes and Rajamani, Karthick and Keller, Tom and Rusu, Cosmin},
 title = {A performance-conserving approach for reducing peak power consumption in server systems},
 booktitle = {ICS},
 year = {2005},
} 

@article{packandcap-new,
  author    = {Sherief Reda and
               Ryan Cochran and
               Ayse Kivilcim Coskun},
  title     = {Adaptive Power Capping for Servers with Multithreaded Workloads},
  journal   = {{IEEE} Micro},
  journal   = {{IEEE} Micro},
  volume    = {32},
  number    = {5},
  removed_pages     = {64--75},
  year      = {2012},
  removed_url       = {http://dx.doi.org/10.1109/MM.2012.59},
  removed_doi       = {10.1109/MM.2012.59},
}

@article{MittalSurvey,
  author    = {Sparsh Mittal},
  title     = {A survey of techniques for improving energy efficiency in embedded computing systems},
  journal   = {{IJCAET}},
  volume    = {6},
  number    = {4},
  removed_pages     = {440--459},
  year      = {2014},
  removed_url       = {http://dx.doi.org/10.1504/IJCAET.2014.065419},
  removed_doi       = {10.1504/IJCAET.2014.065419},
}

@article{ZhuralevSurvey,
  author    = {Sergey Zhuravlev and
               Juan Carlos Saez and
               Sergey Blagodurov and
               Alexandra Fedorova and
               Manuel Prieto},
  title     = {Survey of Energy-Cognizant Scheduling Techniques},
  removed_journal   = {{IEEE} Trans. Parallel Distrib. Syst.},
  journal   = {TPDS},
  volume    = {24},
  number    = {7},
  removed_pages     = {1447--1464},
  year      = {2013},
  removed_url       = {http://dx.doi.org/10.1109/TPDS.2012.20},
  removed_doi       = {10.1109/TPDS.2012.20},
}

@article{lefurgy2008power,
  title={{Power capping: a prelude to power shifting}},
  author={Lefurgy, C. and Wang, X. and Ware, M.},
  journal={Cluster Computing},
  volume={11},
  number={2},
  removed_pages={183--195},
  year={2008},
  removed_publisher={Springer}
}

@inproceedings{Winter2010,
 author = {Winter, Jonathan A. and Albonesi, David H. and Shoemaker, Christine A.},
 title = {Scalable thread scheduling and global power management for heterogeneous many-core architectures},
 booktitle = {PACT},
 year = {2010},
} 

@inproceedings{Isci2006,
 author = {Isci, Canturk and Buyuktosunoglu, Alper and Cher, Chen-Yong and Bose, Pradip and Martonosi, Margaret},
 title = {An Analysis of Efficient Multi-Core Global Power Management Policies: Maximizing Performance for a Given Power Budget},
 booktitle = {MICRO},
 year = {2006},
} 

@inproceedings{Chen2011,
 author = {Chen, Jian and John, Lizy Kurian},
 title = {Predictive coordination of multiple on-chip resources for chip multiprocessors},
 booktitle = {ICS},
 year = {2011}
} 

@inproceedings{LEO,
  author    = {Nikita Mishra and
               Huazhe Zhang and
               John D. Lafferty and
               Henry Hoffmann},
  title     = {A Probabilistic Graphical Model-based Approach for Minimizing Energy Under Performance Constraints},
  booktitle = {ASPLOS},
  _pages     = {267--281},
  year      = {2015},
  _crossref  = {DBLP:conf/asplos/2015},
  _url       = {http://doi.acm.org/10.1145/2694344.2694373},
  _doi       = {10.1145/2694344.2694373},
}

@inproceedings{CALOREE,
  author    = {Nikita Mishra and
               Connor Imes and
               John D. Lafferty and
               Henry Hoffmann},
  title     = {{CALOREE}: Learning Control for Predictable Latency and Low Energy},
  booktitle = {ASPLOS},
  year      = {2018},
}

@inproceedings{pupil,
  author    = {Huazhe Zhang and
               Henry Hoffmann},
  title     = {Maximizing Performance Under a Power Cap: {A} Comparison of Hardware, Software, and Hybrid Techniques},
  booktitle = {ASPLOS},
  _pages     = {545--559},
  year      = {2016},
  _crossref  = {DBLP:conf/asplos/2016},
  _url       = {http://doi.acm.org/10.1145/2872362.2872375},
  _doi       = {10.1145/2872362.2872375},
}

@inproceedings{kim-cpsna2015,
  author    = {David H. K. Kim and
               Connor Imes and
               Henry Hoffmann},
  title     = {Racing and Pacing to Idle: Theoretical and Empirical Analysis of Energy
               Optimization Heuristics},
  booktitle = {CPSNA},
  _pages     = {78--85},
  year      = {2015},
  _crossref  = {DBLP:conf/cpsna/2015},
  _url       = {http://dx.doi.org/10.1109/CPSNA.2015.23},
  _doi       = {10.1109/CPSNA.2015.23},
}

@inproceedings{icac2010heartbeats,
  author    = {Henry Hoffmann and
               Jonathan Eastep and
               Marco D. Santambrogio and
               Jason E. Miller and
               Anant Agarwal},
  title     = {Application heartbeats: a generic interface for specifying program
               performance and goals in autonomous computing environments},
  booktitle = {ICAC},
  _pages     = {79--88},
  year      = {2010},
  _crossref  = {DBLP:conf/icac/2010},
  _url       = {http://doi.acm.org/10.1145/1809049.1809065},
  _doi       = {10.1145/1809049.1809065},
}

@inproceedings{POET,
  author    = {Connor Imes and
               David H. K. Kim and
               Martina Maggio and
               Henry Hoffmann},
  title     = {{POET}: A portable approach to minimizing energy under soft real-time constraints},
  booktitle = {RTAS},
  _pages     = {75--86},
  year      = {2015},
  _crossref  = {DBLP:conf/rtas/2015},
  _url       = {http://dx.doi.org/10.1109/RTAS.2015.7108419},
  _doi       = {10.1109/RTAS.2015.7108419},
}

@inproceedings{POETMCSoC,
  author    = {Connor Imes and
               David H. K. Kim and
               Martina Maggio and
               Henry Hoffmann},
  title     = {Portable Multicore Resource Management for Applications with Performance Constraints},
  booktitle = {MCSoC},
  year      = {2016},
}


@inproceedings{Bard,
  author    = {Connor Imes and
               Henry Hoffmann},
  title     = {Bard: A Unified Framework for Managing Soft Timing and Power Constraints},
  booktitle = {SAMOS},
  year      = {2016},
}

@techreport{CopperTR,
  author      = {Connor Imes and Huazhe Zhang and Kevin Zhao and Henry Hoffmann},
  title       = {Handing {DVFS} to Hardware: Using Power Capping to Control Software Performance},
  number      = {TR-2018-03},
  institution = "University of Chicago, Department of Computer Science",
  year        = {2018}
}

@inproceedings{energymon,
  author    = {Connor Imes and
               Lars Bergstrom and
               Henry Hoffmann},
  title     = {A Portable Interface for Runtime Energy Monitoring},
  booktitle = {FSE},
  year      = {2016},
}

@techreport{EnergyMonTR,
  author={Connor Imes and Lars Bergstrom and Henry Hoffmann},
  title = {A Portable Interface for Runtime Energy Monitoring: Extended Analysis},
  institution = "University of Chicago, Department of Computer Science",
  number={TR-2016-08},
  year = {2016},
}

@inproceedings{sinangil2014self,
  title={A self-aware processor SoC using energy monitors integrated into power converters for self-adaptation},
  author={Sinangil, Yildiz and Neuman, Sabrina M and Sinangil, Mahmut E and Ickes, Nathan and Bezerra, George and Lau, Eric and Miller, Jason E and Hoffmann, Henry C and Devadas, Srini and Chandraksan, Anantha P},
  booktitle={Symposium on VLSI},
  year={2014},
}

@inproceedings{HotPower,
  title={Racing and pacing to idle: an evaluation of heuristics for energy-aware resource allocation},
  author={Hoffmann, Henry},
  booktitle={HotPower},
  year={2013},
}

@inproceedings{Albers,
  author    = {Susanne Albers},
  title     = {Algorithms for Dynamic Speed Scaling},
  booktitle = {STACS},
  year      = {2011},
  _pages     = {1-11},
}

@book{Abeni,
  title={Soft Real-Time Systems: Predictability vs. Efficiency},
  author={Buttazzo, Giorgio C and Lipari, Giuseppe and Abeni, Luca and Caccamo, Marco},
  year={2006},
  publisher={Springer}
}

@INPROCEEDINGS{Bertini2007,
author={Bertini, L. and Leite, J.C.B. and Mosse, D.},
booktitle={ECRTS},
title={Statistical QoS Guarantee and Energy-Efficiency in Web Server Clusters},
year={2007},
}

@inproceedings{AbouGhazaleh2007,
 author = {AbouGhazaleh, Nevine and Ferreira, Alexandre and Rusu, Cosmin and Xu, Ruibin and Liberato, Frank and Childers, Bruce and Mosse, Daniel and Melhem, Rami},
 title = {Integrated CPU and L2 Cache Voltage Scaling Using Machine Learning},
 booktitle = {LCTES},
 year = {2007},
} 

@inproceedings{Zhao2012,
 author = {Zhao, Baoxian and Aydin, Hakan and Zhu, Dakai},
 title = {Energy Management Under General Task-Level Reliability Constraints},
 booktitle = {RTAS},
 year = {2012},
} 

@inproceedings {Petrucci2012,
author = {Vinivius Petrucci and Orlando Loques and Daniel Mosse},
title = {Lucky Scheduling for Energy-Efficient Heterogeneous Multi-Core Systems},
booktitle = {HotPower},
year = {2012},
}

@INPROCEEDINGS{He2013,
author={Liang He and Lipeng Gu and Linghe Kong and Yu Gu and Cong Liu and Tian He},
booktitle={RTSS},
title={Exploring Adaptive Reconfiguration to Optimize Energy Efficiency in Large-Scale Battery Systems},
year={2013},
}

@inproceedings{Liu2008, 
title={{PASS}: power-aware scheduling of mixed
applications with deadline constraints on clusters}, 
author={Liu, Cong and Qin, Xiao and Li, Shuang}, 
booktitle={ICCCN},
year={2008} }

@misc{ina231,
 author= {Texas Instruments},
 howpublished = {\url{http://www.ti.com/product/ina231}}
}

@misc{powercap,
 author= {Linux Kernel Documentation},
 year = {2015},
 title = {Power Capping Framework},
 howpublished = {\url{https://www.kernel.org/doc/Documentation/power/powercap/powercap.txt}}
}

@misc{KernelPstate,
  author = {Linux Kernel Documentation},
  year = {2016},
  title = {Intel P-State driver},
  howpublished = {\url{https://www.kernel.org/doc/Documentation/cpu-freq/intel-pstate.txt}},
}

@techreport{welch2006kalman,
 author={Greg Welch and Gary Bishop},
 title = {An Introduction to the Kalman Filter},
 institution = "UNC Chapel Hill, Department of Computer Science",
 number={TR 95-041}
}

@book{LP,
 title = {Applied mathematical programming},
 author = {Bradley, S.P. and Hax, A.C. and Magnanti, T.L.},
 year = {1977},
 removed_publisher = {Addison-Wesley Pub. Co.}
}

@book{Hellerstein2004a,
 author = {Hellerstein, Joseph L. and Diao, Yixin and Parekh, Sujay and Tilbury, Dawn M.},
 title = {Feedback Control of Computing Systems},
 year = {2004},
 isbn = {047126637X},
 removed_publisher = {John Wiley \& Sons},
}

@book{Hoelzle2009,
 author = {Hoelzle, Urs and Barroso, Luiz Andre},
 title = {The Datacenter as a Computer: An Introduction to the Design of Warehouse-Scale Machines},
 year = {2009},
 edition = {1st},
 removed_publisher = {Morgan and Claypool Publishers},
} 

@inproceedings{CoAdapt,
 author = {Henry Hoffmann},
 title = {CoAdapt: Predictable Behavior for Accuracy-Aware Applications Running on Power-Aware Systems},
 booktitle = {ECRTS},
 year = {2014},
}

@phdthesis{HoffmannPhD,
 author = {Henry Hoffmann},
 title = {SEEC: A Framework for Self-Aware Management of Goals and Constraints in Computing Systems},
 school = {Massachusetts Institute of Technology},
 year = {2013},
}

@article{google,
 author = {Barroso, Luiz Andr{\'e} and H\"{o}lzle, Urs},
 title = {The Case for Energy-Proportional Computing},
 journal = {Computer},
 issue_date = {December 2007},
 volume = {40},
 number = {12},
 removed_month = dec,
 year = {2007},
 issn = {0018-9162},
 removed_pages = {33--37},
 removed_numpages = {5},
 url = {http://dx.doi.org/10.1109/MC.2007.443},
 doi = {10.1109/MC.2007.443},
 acmid = {1339894},
 removed_publisher = {IEEE Computer Society Press},
 removed_address = {Los Alamitos, CA, USA},
 keywords = {energy-proportional computing, green computing, green computing, energy-proportional computing},
} 

@inproceedings{RAPL,
 author = {David, Howard and Gorbatov, Eugene and Hanebutte, Ulf R. and Khanna, Rahul and Le, Christian},
 title = {{RAPL}: Memory Power Estimation and Capping},
 booktitle = {ISLPED},
 year = {2010},
} 

@inproceedings{parsec,
 author = {Bienia, Christian and Kumar, Sanjeev and Singh, Jaswinder Pal and Li, Kai},
 title = {The {PARSEC} Benchmark Suite: Characterization and Architectural Implications},
 booktitle = {PACT},
 removed_series = {PACT '08},
 year = {2008},
 isbn = {978-1-60558-282-5},
 removed_location = {Toronto, Ontario, Canada},
 removed_pages = {72--81},
 removed_numpages = {10},
 removed_url = {http://doi.acm.org/10.1145/1454115.1454128},
 doi = {10.1145/1454115.1454128},
 acmid = {1454128},
 removed_publisher = {ACM},
 removed_address = {New York, NY, USA},
 removed_keywords = {benchmark suite, multithreading, performance measurement, shared-memory computers},
} 

@misc{swish,
 author = {Paul J. Lucas},
 title = {SWISH++},
 howpublished = {\url{http://swishplusplus.sourceforge.net/}},
 year = {2016},
 month = {April},
 day = {28},
}

@misc{lwn602479,
 author = {Pitre, Nicolas},
 year = {2014},
 title = {Teaching the scheduler about power management},
 howpublished = {\url{http://lwn.net/Articles/602479/}}
}

@INPROCEEDINGS{minebench,
author={Narayanan, R. and Ozisikyilmaz, B. and Zambreno, J. and Memik, G. and Choudhary, A.},
booktitle={IISWC},
title={MineBench: A Benchmark Suite for Data Mining Workloads},
year={2006},
}

@inproceedings{Bitirgen2008,
 author = {Bitirgen, Ramazan and Ipek, Engin and Martinez, Jose F.},
 title = {Coordinated Management of Multiple Interacting Resources in Chip Multiprocessors: A Machine Learning Approach},
 booktitle = {MICRO},
 year = {2008},
} 

@article{CaoSchwartz2003,
 author = {Cao, Liyu and Schwartz, Howard M.},
 title = {Analysis of the Kalman Filter Based Estimation Algorithm: An Orthogonal Decomposition Approach},
 journal = {Automatica},
 issue_date = {January, 2004},
 volume = {40},
 number = {1},
 removed_month = jan,
 year = {2004},
 issn = {0005-1098},
 removed_pages = {5--19},
 removed_numpages = {15},
 url = {http://dx.doi.org/10.1016/j.automatica.2003.07.011},
 doi = {10.1016/j.automatica.2003.07.011},
 acmid = {2239766},
 removed_publisher = {Pergamon Press, Inc.},
 removed_address = {Tarrytown, NY, USA},
 keywords = {Directional tracking, Kalman filter, Least squares algorithm, Recursive parameter estimation, Windup},
} 

@inproceedings{Carroll13,
 author = {Carroll, Aaron and Heiser, Gernot},
 title = {Mobile Multicores: Use Them or Waste Them},
 booktitle = {HotPower},
 year = {2013},
} 

@article{Cheng2009,
  author    = {Hui Cheng and
               Steve Goddard},
  title     = {{SYS-EDF:} a system-wide energy-efficient scheduling algorithm for hard real-time systems},
  journal   = {{IJES}},
  year      = {2009},
  volume    = {4},
  number    = {2},
  removed_pages = {141--151},
  url       = {http://dx.doi.org/10.1504/IJES.2009.027938},
  doi       = {10.1504/IJES.2009.027938},
  timestamp = {Fri, 17 Oct 2014 22:33:03 +0200},
}

@inproceedings{dubach2010,
 author = {Dubach, Christophe and Jones, Timothy M. and Bonilla, Edwin V. and O'Boyle, Michael F. P.},
 title = {A Predictive Model for Dynamic Microarchitectural Adaptivity Control},
 booktitle = {MICRO},
 year = {2010},
} 

@inproceedings{ICSE2014,
 author = {Filieri, Antonio and Hoffmann, Henry and Maggio, Martina},
 title = {Automated Design of Self-adaptive Software with Control-theoretical Formal Guarantees},
 booktitle = {ICSE},
 year = {2014},
} 

@inproceedings{Fu2012,
 author = {Fu, Yong and Kottenstette, Nicholas and Lu, Chenyang and Koutsoukos, Xenofon D.},
 title = {Feedback Thermal Control of Real-time Systems on Multicore Processors},
 booktitle = {EMSOFT},
 year = {2012},
} 

@inproceedings{Hoffmann2012,
 author = {Hoffmann, Henry and Holt, Jim and Kurian, George and Lau, Eric and Maggio, Martina and Miller, Jason E. and Neuman, Sabrina M. and Sinangil, Mahmut and Sinangil, Yildiz and Agarwal, Anant and Chandrakasan, Anantha P. and Devadas, Srinivas},
 title = {Self-aware Computing in the Angstrom Processor},
 removed_booktitle = {49th Annual Design Automation Conference},
 booktitle = {DAC},
 removed_series = {DAC '12},
 year = {2012},
 isbn = {978-1-4503-1199-1},
 removed_location = {San Francisco, California},
 removed_pages = {259--264},
 removed_numpages = {6},
 url = {http://doi.acm.org/10.1145/2228360.2228409},
 doi = {10.1145/2228360.2228409},
 acmid = {2228409},
 removed_publisher = {ACM},
 removed_address = {New York, NY, USA},
 keywords = {adaptive systems, self-aware computing},
} 

@INPROCEEDINGS{PTRADE, 
author={Hoffmann, H. and Maggio, M. and Santambrogio, M.D. and Leva, A. and Agarwal, A.}, 
booktitle={EMSOFT}, 
title={A generalized software framework for accurate and efficient management of performance goals}, 
year={2013}, 
removed_month={Sept}, 
removed_pages = {1-10}, 
keywords={Linux;power aware computing;software performance evaluation;Linux-x86 systems;PTRADE;generalized software framework;performance goal management;performance management framework;power consumption minimization;run-time performance;simulated 128-core system;Actuators;Benchmark testing;Heart beat;Power demand;Runtime;Adaptive Systems;Power-aware Computing;Self-aware Computing}, 
doi={10.1109/EMSOFT.2013.6658597},
}

@inproceedings{Imes2014,
 author = {Connor Imes and Henry Hoffmann},
 title = {Minimizing Energy Under Performance Constraints on Embedded Platforms: Resource Allocation Heuristics for Homogeneous and Single-ISA Heterogeneous Multi-Cores} ,
 booktitle = {EWiLi},
 year=2014,
}

@ARTICLE{parmibench, 
author={Iqbal, S.M.Z. and Yuchen Liang and Grahn, H.}, 
journal={Computer Architecture Letters}, 
title={{ParMiBench} - An Open-Source Benchmark for Embedded Multiprocessor Systems}, 
year={2010}, 
removed_month={Feb}, 
volume={9}, 
number={2}, 
removed_pages = {45-48}, 
keywords={benchmark testing;embedded systems;multiprocessing systems;parallel architectures;public domain software;ParMiBench;desktop;embedded multiprocessor system;embedded system market;intensive algorithm;laptop;open-source benchmark;parallel implementation;uniprocessor benchmark suite;Benchmark testing;Embedded system;Load management;Multicore processing;Performance evaluation;Program processors;Security;Concurrent Programming;Multiprocessor Systems;Performance Evaluation}, 
doi={10.1109/L-CA.2010.14}, 
ISSN={1556-6056},
}

@inproceedings{LeSueur11,
 author = {Le Sueur, Etienne and Heiser, Gernot},
 title = {Slow Down or Sleep, That is the Question},
 booktitle = {USENIX ATC},
 year = {2011},
 removed_location = {Portland, OR},
 removed_pages = {16--16},
 removed_numpages = {1},
 url = {http://dl.acm.org/citation.cfm?id=2002181.2002197},
 acmid = {2002197},
 removed_publisher = {USENIX Association},
 removed_address = {Berkeley, CA, USA},
} 

@ARTICLE{Agilos, 
author={Baochun Li and Nahrstedt, K.}, 
journal={IEEE Journal on Selected Areas in Communications}, 
title={A control-based middleware framework for quality-of-service adaptations}, 
year={1999}, 
removed_month={Sep}, 
volume={17}, 
number={9}, 
removed_pages = {1632-1650}, 
keywords={client-server systems;computer networks;fuzzy control;multimedia communication;quality of service;telecommunication control;QoS adaptation decisions;adaptation mechanisms;application-specific requirements;control-based middleware framework;critical application quality parameters;distributed multimedia application;distributed visual tracking;dynamic control;fairness;functionalities;fuzzy control model;heterogeneous environments;internal parameters;middleware control framework;performance variation;quality-of-service adaptations;resource availability;system resources;system-wide properties;task control model;Availability;Bandwidth;Control systems;Mechanical factors;Middleware;NASA;Operating systems;Protocols;Quality of service;Resource management}, 
doi={10.1109/49.790486}, 
ISSN={0733-8716},
}

@book{Hennessy:2003:CAQ:861856,
 author = {Hennessy, John L. and Patterson, David A.},
 title = {Computer Architecture: A Quantitative Approach},
 year = {2003},
 isbn = {1558607242},
 edition = {3},
 removed_publisher = {Morgan Kaufmann Publishers Inc.},
 removed_address = {San Francisco, CA, USA},
}

@inproceedings{LeSueur2010,
 author = {Le Sueur, Etienne and Heiser, Gernot},
 title = {Dynamic Voltage and Frequency Scaling: The Laws of Diminishing Returns},
 removed_booktitle = {Proceedings of the 2010 International Conference on Power Aware Computing and Systems},
 booktitle = {HotPower},
 removed_series = {HotPower'10},
 year = {2010},
 removed_location = {Vancouver, BC, Canada},
 removed_pages = {1--8},
 removed_numpages = {8},
 removed_url = {http://dl.acm.org/citation.cfm?id=1924920.1924921},
 removed_acmid = {1924921},
 removed_publisher = {USENIX Association},
 removed_address = {Berkeley, CA, USA},
}

@article{Li2007,
 author = {Li, Xiaodong and Gupta, Ritu and Adve, Sarita V. and Zhou, Yuanyuan},
 title = {Cross-component Energy Management: Joint Adaptation of Processor and Memory},
 removed_journal = {ACM Trans. Archit. Code Optim.},
 journal = {TACO},
 issue_date = {September 2007},
 volume = {4},
 number = {3},
 removed_month = sep,
 year = {2007},
 issn = {1544-3566},
 articleno = {14},
 url = {http://doi.acm.org/10.1145/1275937.1275938},
 doi = {10.1145/1275937.1275938},
 acmid = {1275938},
 removed_publisher = {ACM},
 removed_address = {New York, NY, USA},
 keywords = {Energy management, adaptive systems, control algorithms, low-power design, memory, performance guarantee, processor},
} 

@inproceedings{Lin2010,
 author = {Lin, Jian (Denny) and Song, Wei and Cheng, Albert M.K.},
 title = {Real-energy: A New Framework and a Case Study to Evaluate Power-aware Real-time Scheduling Algorithms},
 booktitle = {ISLPED},
 year = {2010},
 isbn = {978-1-4503-0146-6},
 removed_location = {Austin, Texas, USA},
 removed_pages = {153--158},
 removed_numpages = {6},
 url = {http://doi.acm.org/10.1145/1840845.1840877},
 doi = {10.1145/1840845.1840877},
 acmid = {1840877},
 removed_publisher = {ACM},
 removed_address = {New York, NY, USA},
 keywords = {dynamic voltage scaling, leakage-aware, power-aware scheduling algorithms, real-time and embedded systems},
} 

@inproceedings {KaramanolisEtAl-2005a,
   removed_address   = {Berkeley, CA, USA},
   author    = {C. Karamanolis and M. Karlsson and X. Zhu},
   booktitle = {HotOS},
   title     = {Designing controllable computer systems},
   year      = {2005},
}


@inproceedings{Maggio13,
 author = {Martina Maggio and Enrico Bini and Georgios Chasparis and Karl-Erik {\AA}rz\'en},
 title = {A Game-Theoretic Resource Manager for RT Applications},
 removed_booktitle = {Conference on Real-Time Systems (ECRTS)},
 booktitle = {ECRTS},
 year = {2013},
 removed_location = {Paris, France},
 removed_pages = {57--66},
}

@ARTICLE{TCST, 
author={Maggio, M. and Hoffmann, H. and Santambrogio, M.D. and Agarwal, A. and Leva, A.}, 
journal={IEEE TCST}, 
title={Power Optimization in Embedded Systems via Feedback Control of Resource Allocation}, 
year={2013}, 
removed_month={Jan}, 
volume={21}, 
number={1}, 
removed_pages = {239-246}, 
keywords={computer architecture;embedded systems;feedback;optimisation;power aware computing;resource allocation;architecture design;computationally lightweight control laws;control-theoretical methodology;embedded systems;feedback control;over-provisioned resources;power consumption;power optimization;resource allocation;resource usage;Actuators;Computer architecture;Encoding;Feedback control;Hardware;Power demand;Sensors;Computing systems;control systems;embedded systems;power consumption;self-adaptive systems}, 
doi={10.1109/TCST.2011.2177499}, 
ISSN={1063-6536},}

@ARTICLE{stream,
  author = {John D. McCalpin},
  title = {Memory Bandwidth and Machine Balance in Current High Performance
  Computers},
  journal = {IEEE TCCA Newsletter},
  year = {1995},
  removed_pages = {19--25},
  removed_month = dec,
  abstract = {The ratio of cpu speed to memory speed in current high-performance
  computers is growing rapidly, with significant implications for the
  design and implementation of algorithms in scientific computing.
  I present the results of a broad survey of memory bandwidth and machine
  balance for a large variety of current computers, including uniprocessors,
  vector processors, shared-memory systems, and districuted-memory
  systems. The results are analyzed in terms of the sustainable data
  transfer rates for uncached unit-stride vector operation for each
  machine, and for each class.},
  pdf = {http://tab.computer.org/tcca/NEWS/DEC95/dec95_mccalpin.ps}
}

@inproceedings{MeisnerISCA2011,
 author = {Meisner, David and Sadler, Christopher M. and Barroso, Luiz Andr{\'e} and Weber, Wolf-Dietrich and Wenisch, Thomas F.},
 title = {Power Management of Online Data-intensive Services},
 removed_booktitle = {38th Annual Symposium on Computer Architecture},
 booktitle = {ISCA},
 removed_series = {ISCA '11},
 year = {2011},
 isbn = {978-1-4503-0472-6},
 removed_location = {San Jose, California, USA},
 removed_pages = {319--330},
 removed_numpages = {12},
 url = {http://doi.acm.org/10.1145/2000064.2000103},
 doi = {10.1145/2000064.2000103},
 acmid = {2000103},
 removed_publisher = {ACM},
 removed_address = {New York, NY, USA},
 keywords = {power management, servers},
}

@inproceedings{PowerSlope,
 author = {Miyoshi, Akihiko and Lefurgy, Charles and Van Hensbergen, Eric and Rajamony, Ram and Rajkumar, Raj},
 title = {Critical Power Slope: Understanding the Runtime Effects of Frequency Scaling},
 booktitle = {ICS},
 year = {2002},
 isbn = {1-58113-483-5},
 removed_location = {New York, New York, USA},
 removed_pages = {35--44},
 removed_numpages = {10},
 url = {http://doi.acm.org/10.1145/514191.514200},
 doi = {10.1145/514191.514200},
 acmid = {514200},
 removed_publisher = {ACM},
 removed_address = {New York, NY, USA},
 keywords = {energy aware computing},
} 

@article{Sojka,
  author    = {Michal Sojka and
               Pavel P{\'{\i}}sa and
               Dario Faggioli and
               Tommaso Cucinotta and
               Fabio Checconi and
               Zdenek Hanz{\'{a}}lek and
               Giuseppe Lipari},
  title     = {Modular software architecture for flexible reservation mechanisms on heterogeneous resources},
  journal   = {Journal of Systems Architecture - Embedded Systems Design},
  year      = {2011},
  volume    = {57},
  number    = {4},
  removed_pages = {366--382},
  url       = {http://dx.doi.org/10.1016/j.sysarc.2011.02.005},
  doi       = {10.1016/j.sysarc.2011.02.005},
  timestamp = {Fri, 17 Oct 2014 22:49:05 +0200},
}

@inproceedings{dvfs,
 author = {Pering, Trevor and Burd, Tom and Brodersen, Robert},
 title = {The Simulation and Evaluation of Dynamic Voltage Scaling Algorithms},
 booktitle = {ISLPED},
 year = {1998},
 isbn = {1-58113-059-7},
 removed_location = {Monterey, California, USA},
 removed_pages = {76--81},
 removed_numpages = {6},
 url = {http://doi.acm.org/10.1145/280756.280790},
 doi = {10.1145/280756.280790},
 acmid = {280790},
 removed_publisher = {ACM},
 removed_address = {New York, NY, USA},
} 

@inproceedings{Rajkumar,
 author = {Rajkumar, R. and Lee, C. and Lehoczky, J. and Siewiorek, D.},
 title = {A Resource Allocation Model for QoS Management},
 booktitle = {RTSS},
 year = {1997},
 isbn = {0-8186-8268-X},
 removed_pages = {298--},
 url = {http://dl.acm.org/citation.cfm?id=827269.828990},
 acmid = {828990},
 removed_publisher = {IEEE Computer Society},
 removed_address = {Washington, DC, USA},
 keywords = {Q-RAM, QoS management, application utility functions, application-specific quality requirements, concurrent applications, cryptographic security, data quality, data security, distributed systems, multimedia systems, networking, quality of service, real-time systems, resource allocation, resource allocation model, system reliability, timeliness, timing, videoconferencing system},
} 

@inproceedings{SandyBridge,
  author    = {Efi Rotem and Alon Naveh and Doron Rajwan amd Avinash Ananthakrishnan and Eli Weissmann},
  title     = "{Power management architecture of the 2nd generation Intel Core microarchitecture, formerly codenamed Sandy Bridge}",
  booktitle = {Hot Chips},
  removed_month = aug,
  year      = {2011},
}

@INPROCEEDINGS{skylake,
  author={E. Fayneh and M. Yuffe and E. Knoll and M. Zelikson and M. Abozaed and Y. Talker and Z. Shmuely and S. A. Rahme},
  removed_booktitle={2016 IEEE International Solid-State Circuits Conference (ISSCC)},
  booktitle={ISSCC},
  title={4.1 14nm 6th-generation Core processor SoC with low power consumption and improved performance},
  year={2016},
  removed_pages={72-73},
  removed_keywords={CMOS digital integrated circuits;cache storage;circuit optimisation;graphics processing units;image processing;logic design;low-power electronics;microprocessor chips;power consumption;system-on-chip;CPU;DDR3-LPDDR3-DDR4;HDMI;IPU;Intel 6th generation Core processor;LLC;OPIO bus;PCH;SKL block diagram;SKL product family;Skylake;SoC;TDP;display IO ports;display engine;execution units;fanless PC platforms;graphic processor;image processing unit;last-level cache;mobile SKU;on-package IO bus;peripheral control hub;power consumption;size 14 nm;system battery life;system-on-chip;thermal design point;trigate CMOS 11-metal-layer technology;Batteries;Clocks;Logic gates;Optimization;Phase locked loops;Power demand;Program processors},
  doi={10.1109/ISSCC.2016.7417912},
  removed_month={Jan},
}

@article{METE,
 author = {Sharifi, Akbar and Srikantaiah, Shekhar and Mishra, Asit K. and Kandemir, Mahmut and Das, Chita R.},
 title = {{METE}: Meeting End-to-end QoS in Multicores Through System-wide Resource Management},
 journal = {SIGMETRICS PER},
 issue_date = {June 2011},
 volume = {39},
 number = {1},
 removed_month = jun,
 year = {2011},
 issn = {0163-5999},
 removed_pages = {13--24},
 removed_numpages = {12},
 url = {http://doi.acm.org/10.1145/2007116.2007119},
 doi = {10.1145/2007116.2007119},
 acmid = {2007119},
 removed_publisher = {ACM},
 removed_address = {New York, NY, USA},
 keywords = {control theory, end-to-end qos, resource management},
} 

@inproceedings{GRAPE,
  title={{GRAPE}: Minimizing energy for GPU applications with performance requirements},
  author={Santriaji, Muhammad Husni and Hoffmann, Henry},
  booktitle={MICRO},
  _pages={1--13},
  year={2016},
  _organization={IEEE}
}

@article{grace2,
  author    = {Vibhore Vardhan and
               Wanghong Yuan and
               Albert F. Harris III and
               Sarita V. Adve and
               Robin Kravets and
               Klara Nahrstedt and
               Daniel Grobe Sachs and
               Douglas L. Jones},
  title     = {{GRACE-2:} integrating fine-grained application adaptation with global adaptation for saving energy},
  journal   = {{IJES}},
  year      = {2009},
  volume    = {4},
  number    = {2},
  removed_pages = {152--169},
  url       = {http://dx.doi.org/10.1504/IJES.2009.027939},
  doi       = {10.1504/IJES.2009.027939},
  timestamp = {Fri, 17 Oct 2014 22:54:31 +0200},
}

@INPROCEEDINGS{Yang2007, 
author={Chuan-Yue Yang and Jian-Jia Chen and Chia-Mei Hung and Tei-Wei Kuo}, 
booktitle={SOCRTD}, 
title={System-Level Energy-Efficiency for Real-Time Tasks}, 
year={2007}, 
removed_month={May}, 
removed_pages = {266-273}, 
keywords={power aware computing;processor scheduling;dynamic voltage scaling;embedded system;energy-efficient scheduling;real-time process scheduling;static scheduling;system energy consumption;Dynamic scheduling;Dynamic voltage scaling;Embedded system;Energy consumption;Energy efficiency;Processor scheduling;Real time systems;Scheduling algorithm;Timing;Voltage control;Embedded Systems;Energy-Efficient Scheduling;Real-Time Process Scheduling.}, 
doi={10.1109/ISORC.2007.55},
}

@INPROCEEDINGS{Yun2010, 
author={Heechul Yun and Po-Liang Wu and Arya, A. and Abdelzaher, T. and Cheolgi Kim and Lui Sha}, 
booktitle={ECRTS}, 
title={System-Wide Energy Optimization for Multiple DVS Components and Real-Time Tasks}, 
year={2010}, 
removed_month={July}, 
removed_pages = {133-142}, 
keywords={embedded systems;power aware computing;dynamic voltage and frequency scaling techniques;embedded systems;memory access cycles;multiple DVS components;real-time tasks;system-wide energy optimization;Biological system modeling;Capacitance;Clocks;Energy consumption;Frequency modulation;Memory management;Voltage control;DVS;Energy Optimization;Multi-DVS}, 
doi={10.1109/ECRTS.2010.14}, 
ISSN={1068-3070},
}

@INPROCEEDINGS{ControlWare, 
author={Ronghua Zhang and Chenyang Lu and Abdelzaher, T.F. and Stankovic, J.A.}, 
booktitle={ICDCS}, 
title={{ControlWare}: a middleware architecture for feedback control of software performance}, 
year={2002}, 
removed_month={}, 
removed_pages = {301-310}, 
keywords={client-server systems;distributed object management;quality of service;ControlWare;Internet services;QoS-control;convergence guarantees;distributed real-time applications;middleware architecture;software performance assurances;Application software;Computer architecture;Control system analysis;Embedded system;Feedback control;Fluctuations;Middleware;Performance analysis;Real time systems;Software performance}, 
doi={10.1109/ICDCS.2002.1022267}, 
ISSN={1063-6927},
}

@inproceedings{Lu2002,
 author = {Lu, Zhijian and Hein, Jason and Humphrey, Marty and Stan, Mircea and Lach, John and Skadron, Kevin},
 title = {Control-theoretic Dynamic Frequency and Voltage Scaling for Multimedia Workloads},
 booktitle = {CASES},
 removed_series = {CASES '02},
 year = {2002},
 removed_isbn = {1-58113-575-0},
 removed_location = {Grenoble, France},
 removed_pages = {156--163},
 removed_numpages = {8},
 removed_url = {http://doi.acm.org/10.1145/581630.581654},
 removed_doi = {10.1145/581630.581654},
 acmid = {581654},
 removed_publisher = {ACM},
 removed_address = {New York, NY, USA},
 removed_keywords = {control theoretic, feedback control, frequency/voltage scaling, high performance, low energy, multimedia, power aware, real-time},
}

@inproceedings{PatkiRMAP,
 author = {Patki, Tapasya and Lowenthal, David K. and Sasidharan, Anjana and Maiterth, Matthias and Rountree, Barry L. and Schulz, Martin and de Supinski, Bronis R.},
 title = {Practical Resource Management in Power-Constrained, High Performance Computing},
 removed_booktitle = {Proceedings of the 24th International Symposium on High-Performance Parallel and Distributed Computing},
 booktitle = {HPDC},
 removed_series = {HPDC '15},
 year = {2015},
 removed_isbn = {978-1-4503-3550-8},
 removed_location = {Portland, Oregon, USA},
 removed_pages = {121--132},
 removed_numpages = {12},
 url = {http://doi.acm.org/10.1145/2749246.2749262},
 doi = {10.1145/2749246.2749262},
 removed_acmid = {2749262},
 removed_publisher = {ACM},
 removed_address = {New York, NY, USA},
 removed_keywords = {power-constrained hpc, resource management},
} 

@article{Chetsa,
  TITLE = {{Exploiting Performance Counters to Predict and Improve Energy Performance of HPC Systems}},
  AUTHOR = {Tsafack Chetsa, Ghislain Landry and Lef{\`e}vre, Laurent and Pierson, Jean-Marc and Stolf, Patricia and Da Costa, Georges},
  URL = {https://hal.inria.fr/hal-00925306},
  JOURNAL = {{Future Generation Computer Systems}},
  removed_PUBLISHER = {{Elsevier}},
  YEAR = {2013},
  MONTH = Aug,
  DOI = {10.1016/j.future.2013.07.010},
  PDF = {https://hal.inria.fr/hal-00925306/file/TSAFACK_CHETSA_FGCS_hal.pdf},
  removed_HAL_ID = {hal-00925306},
  removed_HAL_VERSION = {v1},
}

@ARTICLE{WuHPCComputer,
author={X. Wu and V. Taylor and J. Cook and P. J. Mucci},
journal={Computer},
title={Using Performance-Power Modeling to Improve Energy Efficiency of HPC Applications},
year={2016},
volume={49},
number={10},
removed_pages={20-29},
removed_keywords={parallel processing;performance evaluation;power aware computing;HPC;aerospace application;earthquake simulation;energy consumption reduces;energy efficiency improvement;high-performance computing system;performance model development;performance-power modeling;power model development;Computational modeling;Energy efficiency;Energy management;Mathematical model;Performance evaluation;Power demand;Power system modeling;Radiation detectors;Runtime;HPC systems;energy optimization;energy-efficient computing;high-performance computing;performance counters;performance modeling;power modeling},
doi={10.1109/MC.2016.311},
removed_ISSN={0018-9162},
month=oct,
}

@inproceedings{RountreeAdagio,
 author = {Rountree, Barry and Lownenthal, David K. and de Supinski, Bronis R. and Schulz, Martin and Freeh, Vincent W. and Bletsch, Tyler},
 title = {Adagio: Making DVS Practical for Complex HPC Applications},
 removed_booktitle = {Proceedings of the 23rd International Conference on Supercomputing},
 booktitle = {ICS},
 removed_series = {ICS '09},
 year = {2009},
 removed_isbn = {978-1-60558-498-0},
 removed_location = {Yorktown Heights, NY, USA},
 removed_pages = {460--469},
 removed_numpages = {10},
 url = {http://doi.acm.org/10.1145/1542275.1542340},
 doi = {10.1145/1542275.1542340},
 removed_acmid = {1542340},
 removed_publisher = {ACM},
 removed_address = {New York, NY, USA},
 removed_keywords = {dvfs, dvs, energy, mpi, runtime},
}

@inproceedings{Marathe2015,
author={Marathe, Aniruddha and Bailey, Peter E. and Lowenthal, David K. and Rountree, Barry and Schulz, Martin and de Supinski, Bronis R.},
removed_editor={Kunkel, Julian M. and Ludwig, Thomas},
title={A Run-Time System for Power-Constrained HPC Applications},
removed_booktitle={High Performance Computing: 30th International Conference, ISC High Performance 2015, Frankfurt, Germany, July 12-16, 2015, Proceedings},
booktitle={ISC},
year={2015},
removed_publisher={Springer International Publishing},
removed_address={Cham},
removed_pages={394--408},
removed_isbn={978-3-319-20119-1},
doi={10.1007/978-3-319-20119-1_28},
url={http://dx.doi.org/10.1007/978-3-319-20119-1_28}
}

@INPROCEEDINGS{Jitter,
author={N. Kappiah and V. W. Freeh and D. K. Lowenthal},
removed_booktitle={Supercomputing, 2005. Proceedings of the ACM/IEEE SC 2005 Conference},
booktitle={SC},
title={Just In Time Dynamic Voltage Scaling: Exploiting Inter-Node Slack to Save Energy in MPI Programs},
year={2005},
removed_pages={33-33},
removed_keywords={Computer science;Dynamic voltage scaling;Energy consumption;Energy efficiency;Frequency;Gears;Jitter;Microprocessors;Performance loss;Permission},
doi={10.1109/SC.2005.39},
removed_month={Nov},
}

@online{PCMGit,
 title = {Processor Counter Monitor (PCM)},
 author = {opcm},
 howpublished = {\url{https://github.com/opcm/pcm}},
 year = {2016},
}

@online{PCMFields,
 title = {Intel PCM Column Names Decoder Ring},
 author = {Thomas Willhalm},
 howpublished = {\url{https://software.intel.com/en-us/blogs/2014/07/18/intel-pcm-column-names-decoder-ring}},
 year = {2014},
 month = {July},
 day = {18},
}

@inproceedings{Libutti2014,
 author = {Libutti, Simone and Massari, Giuseppe and Bellasi, Patrick and Fornaciari, William},
 title = {Exploiting Performance Counters for Energy Efficient Co-Scheduling of Mixed Workloads on Multi-Core Platforms},
 removed_booktitle = {Proceedings of Workshop on Parallel Programming and Run-Time Management Techniques for Many-core Architectures and Design Tools and Architectures for Multicore Embedded Computing Platforms},
 booktitle = {PARMA-DITAM},
 removed_series = {PARMA-DITAM '14},
 year = {2014},
 removed_isbn = {978-1-4503-2607-0},
 removed_location = {Vienna, Austria},
 removed_pages = {27:27--27:32},
 removed_articleno = {27},
 removed_numpages = {6},
 url = {http://doi.acm.org/10.1145/2556863.2556866},
 doi = {10.1145/2556863.2556866},
 removed_acmid = {2556866},
 removed_publisher = {ACM},
 removed_address = {New York, NY, USA},
 removed_keywords = {Energy efficiency, Mixed workload, Multi-core, Performance, Performance counters, co-scheduling},
} 

@inproceedings{Sasaki,
 author = {Sasaki, Hiroshi and Ikeda, Yoshimichi and Kondo, Masaaki and Nakamura, Hiroshi},
 title = {An Intra-task Dvfs Technique Based on Statistical Analysis of Hardware Events},
 removed_booktitle = {Proceedings of the 4th International Conference on Computing Frontiers},
 booktitle = {CF},
 removed_series = {CF '07},
 year = {2007},
 removed_isbn = {978-1-59593-683-7},
 removed_location = {Ischia, Italy},
 removed_pages = {123--130},
 removed_numpages = {8},
 url = {http://doi.acm.org/10.1145/1242531.1242551},
 doi = {10.1145/1242531.1242551},
 removed_acmid = {1242551},
 removed_publisher = {ACM},
 removed_address = {New York, NY, USA},
 removed_keywords = {DVFS, hardware performance counters, performance estimation, statistical analysis},
} 

@INPROCEEDINGS{Alvarado,
author={C. Alvarado and D. Tamir and A. Qasem},
removed_booktitle={2015 Sixth International Green and Sustainable Computing Conference (IGSC)},
booktitle={IGSC},
title={Realizing energy-efficient thread affinity configurations with supervised learning},
year={2015},
removed_pages={1-4},
removed_keywords={feature selection;learning (artificial intelligence);multi-threading;multiprocessing systems;power aware computing;HPC system;Intel-based platform;Linux kernel;energy-efficient thread affinity configuration;execution environment;execution time;feature selection;hardware performance counter;machine learning;optimal thread-to-core mapping;parallel application;parallel workload;power consumption;runtime analysis;runtime tracking;supervised learning;thread execution;thread migration;workload behavior learning;workload characteristics;Feature extraction;Instruction sets;Message systems;Multicore processing;Optimization;Phasor measurement units;Runtime},
doi={10.1109/IGCC.2015.7393691},
removed_month={Dec},
}

@inproceedings{Curtis-Maury2008,
 author = {Curtis-Maury, Matthew and Shah, Ankur and Blagojevic, Filip and Nikolopoulos, Dimitrios S. and de Supinski, Bronis R. and Schulz, Martin},
 title = {Prediction Models for Multi-dimensional Power-performance Optimization on Many Cores},
 removed_booktitle = {Proceedings of the 17th International Conference on Parallel Architectures and Compilation Techniques},
 booktitle = {PACT},
 removed_series = {PACT '08},
 year = {2008},
 removed_isbn = {978-1-60558-282-5},
 removed_location = {Toronto, Ontario, Canada},
 removed_pages = {250--259},
 removed_numpages = {10},
 url = {http://doi.acm.org/10.1145/1454115.1454151},
 doi = {10.1145/1454115.1454151},
 removed_acmid = {1454151},
 removed_publisher = {ACM},
 removed_address = {New York, NY, USA},
 removed_keywords = {dynamic concurrency throttling},
} 

@inproceedings{Paragon,
 author = {Delimitrou, Christina and Kozyrakis, Christos},
 title = {Paragon: QoS-aware Scheduling for Heterogeneous Datacenters},
 removed_booktitle = {Proceedings of the Eighteenth International Conference on Architectural Support for Programming Languages and Operating Systems},
 booktitle = {ASPLOS},
 removed_series = {ASPLOS '13},
 year = {2013},
 removed_isbn = {978-1-4503-1870-9},
 removed_location = {Houston, Texas, USA},
 removed_pages = {77--88},
 removed_numpages = {12},
 url = {http://doi.acm.org/10.1145/2451116.2451125},
 doi = {10.1145/2451116.2451125},
 removed_acmid = {2451125},
 removed_publisher = {ACM},
 removed_address = {New York, NY, USA},
 removed_keywords = {cloud computing, datacenter, heterogeneity, interference, qos, scheduling},
} 

@inproceedings{NetflixPrize,
  title={The Bellkor 2008 Solution to the Netflix Prize},
  author={Robert M. Bell and Yehuda Koren and Chris Volinsky},
  year={2008}
}

@article{scikit-learn,
 title={Scikit-learn: Machine Learning in {P}ython},
 author={Pedregosa, F. and Varoquaux, G. and Gramfort, A. and Michel, V.
         and Thirion, B. and Grisel, O. and Blondel, M. and Prettenhofer, P.
         and Weiss, R. and Dubourg, V. and Vanderplas, J. and Passos, A. and
         Cournapeau, D. and Brucher, M. and Perrot, M. and Duchesnay, E.},
 journal={Journal of Machine Learning Research},
 volume={12},
 removed_pages={2825--2830},
 year={2011}
}

@article{Exascale20MW,
  author = {Kogge, Peter and Borkar, S and Campbell, Dan and Carlson, William and Dally, William and Denneau, Monty and Franzon, Paul and Harrod, William and Hiller, Jon and Keckler, Stephen and Klein, Dean and Lucas, Robert},
  year = {2008},
  month = jan,
  title = {ExaScale Computing Study: Technology Challenges in Achieving Exascale Systems},
  removed_volume = {15},
  removed_booktitle = {Defense Advanced Research Projects Agency Information Processing Techniques Office (DARPA IPTO), Techinal Representative}
}

@article{FerroniTACO,
 author = {Ferroni, Matteo and Corna, Andrea and Damiani, Andrea and Brondolin, Rolando and Colmenares, Juan A. and Hofmeyr, Steven and Kubiatowicz, John D. and Santambrogio, Marco D.},
 title = {Power Consumption Models for Multi-Tenant Server Infrastructures},
 removed_journal = {ACM Trans. Archit. Code Optim.},
 journal = {TACO},
 issue_date = {December 2017},
 volume = {14},
 number = {4},
 month = nov,
 year = {2017},
 removed_issn = {1544-3566},
 removed_pages = {38:1--38:22},
 articleno = {38},
 removed_numpages = {22},
 removed_url = {http://doi.acm.org/10.1145/3148965},
 doi = {10.1145/3148965},
 removed_acmid = {3148965},
 removed_publisher = {ACM},
 removed_address = {New York, NY, USA},
 removed_keywords = {Virtualization, multi-tenant cloud infrastructures, power consumption models},
}

@inproceedings{NPB,
 author = {Bailey, D. H. and Barszcz, E. and Barton, J. T. and Browning, D. S. and Carter, R. L. and Dagum, L. and Fatoohi, R. A. and Frederickson, P. O. and Lasinski, T. A. and Schreiber, R. S. and Simon, H. D. and Venkatakrishnan, V. and Weeratunga, S. K.},
 title = {The {NAS} Parallel Benchmarks -- Summary and Preliminary Results},
 booktitle = {SC},
 removed_booktitle = {Proceedings of the 1991 ACM/IEEE Conference on Supercomputing},
 removed_series = {Supercomputing '91},
 year = {1991},
 removed_isbn = {0-89791-459-7},
 removed_location = {Albuquerque, New Mexico, USA},
 removed_pages = {158--165},
 removed_numpages = {8},
 removed_url = {http://doi.acm.org/10.1145/125826.125925},
 doi = {10.1145/125826.125925},
 removed_acmid = {125925},
 removed_publisher = {ACM},
 removed_address = {New York, NY, USA},
}

@techreport{LULESH2,
author = {Ian Karlin and Jeff Keasler and Rob Neely},
title = {{LULESH} 2.0 Updates and Changes},number = {LLNL-TR-641973},
removed_location = {Livermore, CA},
removed_pages = {1-9},
year = {2013},
month = {August}
}

@article{BoomerAMG,
 author = {Henson, Van Emden and Yang, Ulrike Meier},
 title = {{BoomerAMG}: A Parallel Algebraic Multigrid Solver and Preconditioner},
 journal = {Appl. Numer. Math.},
 issue_date = {April 2002},
 volume = {41},
 number = {1},
 month = apr,
 year = {2002},
 removed_issn = {0168-9274},
 removed_pages = {155--177},
 removed_numpages = {23},
 removed_url = {http://dx.doi.org/10.1016/S0168-9274(01)00115-5},
 doi = {10.1016/S0168-9274(01)00115-5},
 removed_acmid = {606723},
 removed_publisher = {Elsevier Science Publishers B. V.},
 removed_address = {Amsterdam, The Netherlands, The Netherlands},
 removed_keywords = {algebraic multigrid, parallel computing},
} 

@inbook{Kripke,
 title={KRIPKE - A Massively Parallel Transport Mini-App},
 url={http://www.osti.gov/scitech/servlets/purl/1229802},
 author={Kunen, A J and Bailey, T S and Brown, P N},
 year={2015},
 month={July},
 day={29}
}

@inproceedings{RSBench,
 author="Tramm, John R. and Siegel, Andrew R. and Forget, Benoit and Josey, Colin",
 removed_editor="Markidis, Stefano and Laure, Erwin",
 title="Performance Analysis of a Reduced Data Movement Algorithm for Neutron Cross Section Data in Monte Carlo Simulations",
 removed_bookTitle="Solving Software Challenges for Exascale: International Conference on Exascale Applications and Software, EASC 2014, Stockholm, Sweden, April 2-3, 2014, Revised Selected Papers",
 booktitle="EASC",
 year="2014",
 removed_publisher="Springer International Publishing",
 removed_address="Cham",
 removed_pages="39--56",
 removed_isbn="978-3-319-15976-8",
 doi="10.1007/978-3-319-15976-8_3",
 removed_url="https://doi.org/10.1007/978-3-319-15976-8_3"
}

@inproceedings{XSBench,
 author="Tramm, J. R. and Siegel, A. R. and Islam, T. and Schulz, M.",
 title="{XSBench} - The Development and Verification of a Performance Abstraction for Monte Carlo Reactor Analysis",
 booktitle="PHYSOR",
 year="2014"
}

@online{Quicksilver,
 title = {Co-design at Lawrence Livermore National Lab -- Quicksilver},
 author = {Lawrence Livermore National Laboratory},
 howpublished = {\url{https://codesign.llnl.gov/quicksilver.php}},
 year = {2017},
}

@online{CoMDGit,
 title = {CoMD},
 author = {Los Alamos National Laboratory},
 howpublished = {\url{https://github.com/ECP-copa/CoMD}},
 year = {2016},
}

@article{nurk2016metaspades,
  title={{metaSPAdes}: a new versatile de novo metagenomics assembler},
  author={Nurk, Sergey and Meleshko, Dmitry and Korobeynikov, Anton and Pevzner, Pavel},
  journal={arXiv preprint arXiv:1604.03071},
  year={2016}
}

@inproceedings{georganas2015hipmer,
  title={{HipMer}: an extreme-scale de novo genome assembler},
  author={Georganas, Evangelos and Bulu{\c{c}}, Ayd{\i}n and Chapman, Jarrod and Hofmeyr, Steven and Aluru, Chaitanya and Egan, Rob and Oliker, Leonid and Rokhsar, Daniel and Yelick, Katherine},
  removed_booktitle={SC15: International Conference for High Performance Computing, Networking, Storage and Analysis},
  booktitle={SC},
  removed_pages={1--11},
  year={2015},
  removed_organization={IEEE}
}

@article{peng2012idba,
  title={{IDBA-UD}: a de novo assembler for single-cell and metagenomic sequencing data with highly uneven depth},
  author={Peng, Yu and Leung, Henry CM and Yiu, Siu-Ming and Chin, Francis YL},
  journal={Bioinformatics},
  volume={28},
  number={11},
  removed_pages={1420--1428},
  year={2012},
  removed_publisher={Oxford University Press}
}

@article{li2015megahit,
  title={{MEGAHIT}: an ultra-fast single-node solution for large and complex metagenomics assembly via succinct de Bruijn graph},
  author={Li, Dinghua and Liu, Chi-Man and Luo, Ruibang and Sadakane, Kunihiko and Lam, Tak-Wah},
  journal={Bioinformatics},
  volume={31},
  number={10},
  removed_pages={1674--1676},
  year={2015},
  removed_publisher={Oxford University Press}
}

@Article{Geurts2006ExtraTrees,
  author="Geurts, Pierre
  and Ernst, Damien
  and Wehenkel, Louis",
  title="Extremely randomized trees",
  journal="Machine Learning",
  year="2006",
  month="Apr",
  day="01",
  volume="63",
  number="1",
  removed_pages="3--42",
  removed_issn="1573-0565",
  doi="10.1007/s10994-006-6226-1",
  removed_url="https://doi.org/10.1007/s10994-006-6226-1"
}

@article{friedman2001GradientBoosting,
  author = "Friedman, Jerome H.",
  doi = "10.1214/aos/1013203451",
  fjournal = "The Annals of Statistics",
  journal = "Ann. Statist.",
  month = oct,
  number = "5",
  removed_pages = "1189--1232",
  removed_publisher = "The Institute of Mathematical Statistics",
  title = "Greedy function approximation: A gradient boosting machine.",
  removed_url = "https://doi.org/10.1214/aos/1013203451",
  volume = "29",
  year = "2001"
}

@article{HintonMultiLayerPerceptron,
  author = "Geoffrey E. Hinton",
  title = "Connectionist learning procedures",
  journal = "Artificial Intelligence",
  volume = "40",
  number = "1",
  removed_pages = "185 - 234",
  year = "1989",
  removed_issn = "0004-3702",
  doi = "https://doi.org/10.1016/0004-3702(89)90049-0",
  removed_url = "http://www.sciencedirect.com/science/article/pii/0004370289900490",
}

@techreport{hpgmg,
  author={Adams, M. and Brown, J. and Shalf, J. and Straalen, B. V. and Strohmaier, E. and Williams, S.},
  title = "{HPGMG} 1.0: A Benchmark for Ranking High Performance Computing Systems",
  number = {LBNL-6630E},
  institution = LBNL,
}

@online{genepool,
  title  = "GENEPOOL",
  author = "NERSC",
  howpublished = {\url"http://www.nersc.gov/users/computational-systems/genepool/"},
  year   = "2017 (accessed Jan, 2018)",
}

@inproceedings{dosanjh2013extreme,
  title={Extreme Data Science at the National Energy Research Scientific Computing (NERSC) Center.},
  author={Dosanjh, Sudip S and Canon, Shane and Deslippe, Jack and Fagnan, Kjiersten and Gerber, Richard A and Gerhardt, Lisa and Hick, Jason and Jacobsen, Douglas and Skinner, David and Wright, Nicholas J},
  booktitle={PARCO},
  removed_pages={3--18},
  year={2013},
}

@inproceedings{Callisto,
 author = {Harris, Tim and Maas, Martin and Marathe, Virendra J.},
 title = {Callisto: Co-scheduling Parallel Runtime Systems},
 booktitle = {Proceedings of the Ninth European Conference on Computer Systems},
 series = {EuroSys '14},
 year = {2014},
 removed_isbn = {978-1-4503-2704-6},
 removed_location = {Amsterdam, The Netherlands},
 removed_pages = {24:1--24:14},
 removed_articleno = {24},
 removed_numpages = {14},
 removed_url = {http://doi.acm.org/10.1145/2592798.2592807},
 removed_doi = {10.1145/2592798.2592807},
 removed_acmid = {2592807},
 removed_publisher = {ACM},
 removed_address = {New York, NY, USA},
}

@inproceedings{Pandia,
 author = {Goodman, Daniel and Varisteas, Georgios and Harris, Tim},
 title = {Pandia: Comprehensive Contention-sensitive Thread Placement},
 booktitle = {Proceedings of the Twelfth European Conference on Computer Systems},
 series = {EuroSys '17},
 year = {2017},
 removed_isbn = {978-1-4503-4938-3},
 removed_location = {Belgrade, Serbia},
 removed_pages = {254--269},
 removed_numpages = {16},
 removed_url = {http://doi.acm.org/10.1145/3064176.3064177},
 removed_doi = {10.1145/3064176.3064177},
 removed_acmid = {3064177},
 removed_publisher = {ACM},
 removed_address = {New York, NY, USA},
}

@INPROCEEDINGS{servo,
  author    = {Lars Bergstrom and
               Brian Anderson and
               Manish Goregaokar and
               Josh Matthews and
               Keegan McAllister and
               Jack Moffitt and
               Simon Sapin},
  booktitle={ICSE},
  title={Engineering the {Servo} Web Browser Engine using Rust},
  year={2016},
}

@online{WattsUp,
  title={WattsUp .Net Meter},
  author={Electronic Education Devices},
  howpublished={\url{http://www.wattsupmeters.com/}},
  year={2016},
}

@online{OSP,
  title={ODROID Smart Power},
  author={AmeriDroid},
  howPublished={\url{http://ameridroid.com/products/smart-power}},
  year={2016},
}

@manual{intel-sdm,
  title={Intel\textregistered 64 and IA-32 Architectures Software Developer's Manual},
  organization={Intel Corporation},
  year={2016},
  month=sep,
}
